%% This BibTeX bibliography file was created using BibDesk.
%% http://bibdesk.sourceforge.net/


%% Created for Johannes Kurz at 2014-10-31 06:58:47 +0100 


%% Saved with string encoding Unicode (UTF-8) 



@misc{physikwiki,
	Date-Added = {2014-09-01 11:25:34 +0000},
	Date-Modified = {2014-10-29 17:54:43 +0000},
	Howpublished = {\url{https://www.univie.ac.at/physikwiki/index.php/LV064:LV-Uebersicht/SS14}},
	Month = {09},
	Title = {Praktikum Quantenoptik SS 2014 Anleitung zu Radiation pressure},
	Urldate = {September 2014},
	Year = {2014}}

@misc{github,
	Date-Added = {2014-09-01 11:25:34 +0000},
	Date-Modified = {2014-10-31 05:58:47 +0000},
	Howpublished = {\url{https://github.com/blackandcold/PR_Quantumoptics_Summer2014/tree/master/BellViolation}},
	Month = {09},
	Title = {Experimantal data hosted on GitHub},
	Urldate = {September 2014},
	Year = {2014}}

@misc{protmarion,
 author={Marion Romirer},
 title={Bell Inequality},
 howpublished={Lab Course Quantum Optics, Abstract Group5, 2014},
 keywords="",
}